<collection xmlns="http://www.loc.gov/MARC21/slim">
<record>
  <leader>01590nam0a22002651i 450 </leader>
  <controlfield tag="001">IT\ICCU\CNCE\052554</controlfield>
  <controlfield tag="005">20061017000000.0</controlfield>
  <datafield tag="012" ind1=" " ind2=" ">
    <subfield code="a">e,t- le8. e.o- ocgn (3) 1544 (R)</subfield>
    <subfield code="2">fei</subfield>
  </datafield>
  <datafield tag="100" ind1=" " ind2=" ">
    <subfield code="a">20020103d1544        0itac0103    ba</subfield>
  </datafield>
  <datafield tag="101" ind1=" " ind2=" ">
    <subfield code="a">ITA</subfield>
  </datafield>
  <datafield tag="102" ind1=" " ind2=" ">
    <subfield code="a">IT</subfield>
  </datafield>
  <datafield tag="200" ind1="1" ind2=" ">
    <subfield code="a">Copia di la littera d&apos;il Nostro Signore Papa Paolo III la quale confirma tutte gli priuilegii Indulgenze et gracie concese per Papa Sisto Quarto Leo Decimo et Clemente Septimo a tutti queli della Compagnia dil Sanctissimo Rosario de la Gloriosa Vergene Maria la autentica di la quale si ritroua nel conuento de Sancto Dominico in Cremona</subfield>
  </datafield>
  <datafield tag="210" ind1=" " ind2=" ">
    <subfield code="a">Milano</subfield>
    <subfield code="c">in casa de Ioanne Antonio da Castellione</subfield>
    <subfield code="d">1544</subfield>
  </datafield>
  <datafield tag="215" ind1=" " ind2=" ">
    <subfield code="a">86 c.</subfield>
    <subfield code="d">fol</subfield>
  </datafield>
  <datafield tag="620" ind1=" " ind2=" ">
    <subfield code="a">IT</subfield>
    <subfield code="d">Milano</subfield>
  </datafield>
  <datafield tag="710" ind1="0" ind2="2">
    <subfield code="a">Confraternita del SS. Rosario in S. Domenico</subfield>
    <subfield code="c"> &lt;Cremona&gt;</subfield>
    <subfield code="3">IT\ICCU\CNCT\003951</subfield>
  </datafield>
  <datafield tag="712" ind1="0" ind2="0">
    <subfield code="a">Castiglione, Giovanni Antonio</subfield>
    <subfield code="3">IT\ICCU\CNCT\000391</subfield>
    <subfield code="4">650</subfield>
  </datafield>
  <datafield tag="791" ind1="0" ind2="2">
    <subfield code="a">Compagnia del SS. Rosario in S. Domenico</subfield>
    <subfield code="c"> &lt;Cremona&gt;</subfield>
    <subfield code="3">IT\ICCU\CNCT\003952</subfield>
    <subfield code="z">Confraternita del SS. Rosario in S. Domenico &lt;Cremona&gt;</subfield>
  </datafield>
  <datafield tag="791" ind1="0" ind2="0">
    <subfield code="a">Castelliono, Ioanne Antonio de</subfield>
    <subfield code="3">IT\ICCU\CNCT\004541</subfield>
    <subfield code="z">Castiglione, Giovanni Antonio</subfield>
  </datafield>
  <datafield tag="791" ind1="0" ind2="0">
    <subfield code="a">Castillioneus, Ioannes Antonius</subfield>
    <subfield code="3">IT\ICCU\CNCT\004543</subfield>
    <subfield code="z">Castiglione, Giovanni Antonio</subfield>
  </datafield>
  <datafield tag="791" ind1="0" ind2="0">
    <subfield code="a">Castellono, Juan Antonio de</subfield>
    <subfield code="3">IT\ICCU\CNCT\004545</subfield>
    <subfield code="z">Castiglione, Giovanni Antonio</subfield>
  </datafield>
  <datafield tag="791" ind1="0" ind2="0">
    <subfield code="a">Castelleone, Ioannes  Antonius a</subfield>
    <subfield code="3">IT\ICCU\CNCT\004546</subfield>
    <subfield code="z">Castiglione, Giovanni Antonio</subfield>
  </datafield>
  <datafield tag="801" ind1=" " ind2="3">
    <subfield code="a">IT</subfield>
    <subfield code="b">ICCU</subfield>
    <subfield code="c">20201115</subfield>
  </datafield>
  <datafield tag="899" ind1=" " ind2=" ">
    <subfield code="a">Biblioteca del Seminario vescovile. Lodi</subfield>
    <subfield code="1">LO0023</subfield>
    <subfield code="2">PBE 28</subfield>
  </datafield>
  <datafield tag="899" ind1=" " ind2=" ">
    <subfield code="a">Biblioteca Ambrosiana. Milano</subfield>
    <subfield code="1">MI0133</subfield>
    <subfield code="2">VBA 01</subfield>
  </datafield>
</record>
</collection>
